@BOOK{INFARC:1,
AUTHOR={Rosenfeld, Louis and Morville, Peter and Arango, Jorge},
TITLE={{Information Architecture: For the Web and Beyond}},
PUBLISHER={O'Reilly},
YEAR={2015}
}

@TECHREPORT{SHOT:2,
AUTHOR={Knapstad, Marit and Heraldstveit, Ove and Sivertsen, Børge},
TITLE={{Studentenes Helse -og Trivselsundersøkelse 2018}},
INSTITUTION={Studentsamskipnaden i Oslo og Akershus (SIO)},
YEAR={2018}
}

@proceedings{CSCW18:3,
  title =        "CSCW '18: Companion of the 2018 ACM Conference on Computer Supported Cooperative Work and Social Computing",
  booktitle =    "CSCW '18: Companion of the 2018 ACM Conference on Computer Supported Cooperative Work and Social Computing",
  publisher =    {ACM},
  venue =        {Jersey City, NJ, USA },
  month =        nov,
  year =         {2018},
  isbn =         {978-1-4503-6018-0}
}

@inproceedings{AWARENESS:3:CSCW18,
  author =       {Zytko, Douglas and Ricken, Stephen and Jones, Quentin},
  title =        {Group-Activity Organizing Through an Awareness-of-Others Interface},
  crossref =     {CSCW18:3},
  pages =        {361-364},
  doi =          {10.1145/3272973.3274097}
}

@proceedings{CT17:4,
  title =        "C&T '17: Proceedings of the 8th International Conference on Communities and Technologies",
  booktitle =    "C&T '17: Proceedings of the 8th International Conference on Communities and Technologies",
  publisher =    {ACM},
  venue =        {Troyes, France},
  month =        jun,
  year =         {2017},
  isbn =         {978-1-4503-4854-6}
}

@inproceedings{NEWCOMERS:4:CT17,
  author =       {Lu, Di and Farzan, Rosta and Lopez,  Claudia},
  title =        {To Go or not to Go!: What Influences Newcomers of Hybrid Communities to Participate Offline},
  crossref =     {CT17:4},
  pages =        {159–168},
  doi =          {10.1145/3083671.3083693}
}

@proceedings{AM16:5,
  title =        "AcademicMindtrek '16: Proceedings of the 20th International Academic Mindtrek Conference",
  booktitle =    "AcademicMindtrek '16: Proceedings of the 20th International Academic Mindtrek Conference",
  publisher =    {ACM},
  venue =        {Tampere, Finland},
  month =        oct,
  year =         {2016},
  isbn =         {978-1-4503-4367-1}
}

@inproceedings{NEARBY:5:AM16,
  author =       {Paasovaara, Susanna and Lucero, Andrés and Olsson, Thomas},
  title =        {Outlining the design space of playful interactions between nearby strangers},
  crossref =     {AM16:5},
  pages =        {216–225},
  doi =          {10.1145/2994310.2994344}
}

@proceedings{NORDICHI18:6,
  title =        "NordiCHI '18: Proceedings of the 10th Nordic Conference on Human-Computer Interaction",
  booktitle =    "NordiCHI '18: Proceedings of the 10th Nordic Conference on Human-Computer Interaction",
  publisher =    {ACM},
  venue =        {Oslo, Norway},
  month =        sep,
  year =         {2018},
  isbn =         {978-1-4503-6437-9}
}

@inproceedings{PLAYFUL:6:NORDICHI18,
  author =       {Paasovaara, Susanna and Väänänen, Kaisa and Malapaschas, Aris and Olshannikova, Ekaterina and Olsson, Thomas and Jarusriboonchai, Pradthana and Hošek, Jiří and Mašek, Pavel},
  title =        {Playfulness and progression in technology-enhanced social experiences between nearby strangers},
  crossref =     {NORDICHI18:6},
  pages =        {537–548},
  doi =          {10.1145/3240167.3240212}
}

@proceedings{ASONAM17:7,
  title =        "ASONAM '17: Proceedings of the 2017 IEEE/ACM International Conference on Advances in Social Networks Analysis and Mining 2017",
  booktitle =    "ASONAM '17: Proceedings of the 2017 IEEE/ACM International Conference on Advances in Social Networks Analysis and Mining 2017",
  publisher =    {ACM},
  venue =        {Sydney, Australia},
  month =        jul,
  year =         {2017},
  isbn =         {978-1-4503-4993-2}
}

@inproceedings{MEETUP:7:ASONAM17,
  author =       {Müngen, Ahmet A. and Kaya, Mehmet},
  title =        {A Novel Method for Event Recommendation in Meetup},
  crossref =     {ASONAM17:7},
  pages =        {959–965},
  doi =          {10.1145/3110025.3119397}
}

@proceedings{CIKM11:8,
  title =        "CIKM '11: Proceedings of the 20th ACM international conference on Information and knowledge management",
  booktitle =    "CIKM '11: Proceedings of the 20th ACM international conference on Information and knowledge management",
  publisher =    {ACM},
  venue =        {Glasgow, Scotland, UK},
  month =        oct,
  year =         {2011},
  isbn =         {978-1-4503-0717-8}
}

@inproceedings{TAGNETWORK:8:CIKM11,
  author =       {Wang, Xufei and Liu, Huan and Fan, Wei},
  title =        {Connecting users with similar interests via tag network inference},
  crossref =     {CIKM11:8},
  pages =        {1019–1024},
  doi =          {10.1145/2063576.2063723}
}

@proceedings{ICEC10:9,
  title =        "ICEC '10: Proceedings of the 12th International Conference on Electronic Commerce: Roadmap for the Future of Electronic Business",
  booktitle =    "ICEC '10: Proceedings of the 12th International Conference on Electronic Commerce: Roadmap for the Future of Electronic Business",
  publisher =    {ACM},
  venue =        {Honolulu, Hawaii, USA},
  month =        aug,
  year =         {2010},
  isbn =         {978-1-4503-1427-5}
}

@inproceedings{MATCHMAKING:9:ICEC10,
  author =       {Joshi, Manish and Bhavsar, Virendrakumar C. and Boley, Harold},
  title =        {Matchmaking in p2p e-marketplaces: soft constraints and compromise matching},
  crossref =     {ICEC10:9},
  pages =        {134–140},
  doi =          {10.1145/2389376.2389395}
}

@proceedings{CITREC17:10,
  title =        "CitRec '17: Proceedings of the International Workshop on Recommender Systems for Citizens",
  booktitle =    "CitRec '17: Proceedings of the International Workshop on Recommender Systems for Citizens",
  publisher =    {ACM},
  venue =        {Como, Italy},
  month =        aug,
  year =         {2017},
  isbn =         {978-1-4503-5370-0}
}

@inproceedings{PROFILES:10:CITREC17,
  author =       {Nurbakova, Diana and Laporte, Léa and Calabretto, Sylvie and Gensel, Jérôme},
  title =        {Users psychological profiles for leisure activity recommendation: user study},
  crossref =     {CITREC17:10},
  pages =        {1–4},
  doi =          {10.1145/3127325.3127328}
}

@TECHREPORT{INKLUDERING:11,
AUTHOR={Rambøll Management Consulting},
TITLE={{INKLUDERING GJENNOM ORGANISERTE
FRITIDSAKTIVITETER - EN EVALUERING AV PROSJEKTER MED MÅL OM Å ØKE
DELTAKELSEN FOR BARN OG UNGE I LAVINNTEKTSFAMILIER}},
INSTITUTION={Rambøll Management Consulting},
YEAR={2019}
}

@TECHREPORT{FRITID:12,
AUTHOR={Anders Midtsundstad},
TITLE={{Fritidsorganisasjoner vil og de kan}},
INSTITUTION={Kristiansand kommune},
YEAR={2006}
}

@masterthesis{TILLIT:13,
AUTHOR={Anders Midtsundstad},
TITLE={{Tillit, mestring og selvoppfatning.
En oppgave med fokus på inkluderingsprosesser slik de møtes i arbeidet med
metoden Fritid med bistand.}},
INSTITUTION={Institutt for sosialt arbeid og helsevitenskap
NTNU},
YEAR={2005}
}

@misc{MIDTSUNDSTAD-EPOST:14,
AUTHOR={Anders Midtsundstad},
HOWPUBLISHED={Privat samtale via e-post},
YEAR={2020}
}

@misc{MIDTSUNDSTAD-INTERVJU:15,
AUTHOR={Anders Midtsundstad},
HOWPUBLISHED={Privat videosamtale med prosjektgruppen},
YEAR={2020}
}

@misc{NAV-INTERVJU:16,
AUTHOR={Kvinne som jobber med sosialhjelp i NAV},
HOWPUBLISHED={Privat intervju},
YEAR={2020}
}

@BOOK{ENGAGEMENT-WEB:17,
AUTHOR={Cheryl Geisler},
TITLE={{Designing for user engagement on the web: 10 basic principles}},
PUBLISHER={Routledge},
YEAR={2014}
}

@BOOK{SUCCESSFUL-UX:18,
AUTHOR={Elizabeth Rosenzweig},
TITLE={{Successful User Experience: Strategies and Roadmaps}},
PUBLISHER={Elsevier Science \& Technology},
YEAR={2015}
}

@BOOK{INTERACTIVE-DESIGN:19,
AUTHOR={Pratt, Andy and Nunes, Jason},
TITLE={{Interactive Design: An Introduction to the Theory and Application of User-centered Design}},
PUBLISHER={Quarto Publishing Group USA},
YEAR={2012}
}